%% This BibTeX bibliography file was created using BibDesk.
%% http://bibdesk.sourceforge.net/


%% Created for Jakub Konka at 2012-11-02 14:17:53 +0000 


%% Saved with string encoding Unicode (UTF-8) 



@article{VTTrans2013,
	Author = {Konka, J., and Atkinson, R.},
	Date-Added = {2012-11-02 14:15:18 +0000},
	Date-Modified = {2012-11-02 14:17:46 +0000},
	Journal = {Vehicular Technology. IEEE Transactions on},
	Title = {{{Auction-based Network Selection in a Market-based Framework for Trading Wireless Communications Services}}},
	Year = {2013}}

@article{NetServ2012,
	Author = {Konka, J., and Irvine, J., and Atkinson, R.},
	Date-Added = {2012-09-28 08:45:52 +0000},
	Date-Modified = {2012-09-28 08:50:56 +0000},
	Journal = {Advances in Networks and Services. IARIA International Journal on},
	Number = {3 \& 4},
	Title = {{{Economics of Intelligent Selection of Wireless Access Networks in a Market-Based Framework: A Game-Theoretic Approach}}},
	Volume = {5},
	Year = {2012}}

@conference{UBICOMM11,
	Author = {Konka, J., and Atkinson, R., and Irvine, J.},
	Booktitle = {{{Mobile Ubiquitous Computing, Systems, Services and Technologies, 2011. UBICOMM'11. The Fifth International Conference on}}},
	Date-Added = {2011-11-03 13:28:43 +0000},
	Date-Modified = {2011-11-05 16:12:40 +0000},
	Month = {{{20-25 Nov.}}},
	Title = {{{Economic Aspects of Intelligent Network Selection: A Game-Theoretic Approach}}},
	Year = {2011}}
